@Book{Gil,
  Author         = {A M Gil},
  Title          = {Como Elaborar Projetos de Pesquisa},
%  Address        = {São Paulo},
  Publisher      = {Editora Atlas S.A.},
  year           = 1996,
}

@Book{Marconi,
  Author         = {M A Maroni and E M Lakatos},
  Title          = {Metodologia do Trabalho Científico},
  Address        = {São Paulo},
  Publisher      = {Editora Atlas S.A.},
  year           = 1996,
}

@article{Site,
%  Author         = {M A Maroni and E M Lakatos},
  Editor         = {http://geocities.yahoo.com.br/momentoscomjesuss/conhecimento.html},
  Title          = {A Necessidade do Conhecimento},
%  Address        = {São Paulo},
  year           = 2004,
}
