@book{soainpractice,
	author = {Nicolai M. Josuttis},
	title = {SOA in Practice -- The Art of Distributed Systems Design},
	publisher = {O'Reilly},
	year = {2007},
	address = {Sebastopol, CA, USA},
	edition = {1},
	pages = {342}
}

@article{seraphim,
	author = {Edilson et al Carita},
	title = {Implantação de PACS com Suporte à Recuperação de Imagens Baseada em Conteúdo em Hospital Universitário},
	journal = {X Congresso Brasileiro de Informática em Saúde},
	year = {2006}
}